<?xml version="1.0" encoding="UTF-8"?>
<OAI-PMH xmlns="http://www.openarchives.org/OAI/2.0/" xmlns:xsi="http://www.w3.org/2001/XMLSchema-instance" xsi:schemaLocation="http://www.openarchives.org/OAI/2.0/ http://www.openarchives.org/OAI/2.0/OAI-PMH.xsd">
  <ListRecords>
    <record>
      <header>
        <identifier>aleph-publish:001813859</identifier>
      </header>
      <metadata>
        <record xmlns="http://www.ddb.de/professionell/mabxml/mabxml-1.xsd">
          <leader>------M2.01200024------h</leader>
          <controlfield tag="LDR">------M2.01200024------h</controlfield>
          <controlfield tag="FMT">MH</controlfield>
          <datafield tag="001" ind1="-" ind2="1">
            <subfield code="a">HT018763587</subfield>
          </datafield>
          <datafield tag="002" ind1="a" ind2="1">
            <subfield code="a">20150925</subfield>
          </datafield>
          <datafield tag="003" ind1="-" ind2="1">
            <subfield code="a">20160105</subfield>
          </datafield>
          <datafield tag="021" ind1="-" ind2="1">
            <subfield code="a">HT00000000A</subfield>
          </datafield>
          <datafield tag="021" ind1="-" ind2="1">
            <subfield code="a">HT00000000B</subfield>
          </datafield>
          <datafield tag="021" ind1="-" ind2="1">
            <subfield code="a">HT00000000C</subfield>
          </datafield>
          <datafield tag="026" ind1="-" ind2="1">
            <subfield code="a">HBZHT017415881</subfield>
          </datafield>
          <controlfield tag="030">a|1ur||||||17</controlfield>
          <datafield tag="037" ind1="b" ind2="1">
            <subfield code="a">ger</subfield>
          </datafield>
          <controlfield tag="050">a|||||||||||||</controlfield>
          <controlfield tag="051">my||||||</controlfield>
          <datafield tag="060" ind1="-" ind2="1">
            <subfield code="b">crm</subfield>
            <subfield code="a">kartografisches bewegtes Bild</subfield>
            <subfield code="8">3</subfield>
          </datafield>
          <datafield tag="060" ind1="-" ind2="1">
            <subfield code="b">txt</subfield>
            <subfield code="a">Text</subfield>
            <subfield code="3">Spezifische Angabe</subfield>
            <subfield code="8">1</subfield>
          </datafield>
          <datafield tag="060" ind1="-" ind2="1">
            <subfield code="b">spw</subfield>
            <subfield code="a">gesprochenes Wort</subfield>
            <subfield code="8">2</subfield>
          </datafield>
          <datafield tag="061" ind1="-" ind2="1">
            <subfield code="b">h</subfield>
            <subfield code="a">Mikroform</subfield>
          </datafield>
          <datafield tag="061" ind1="-" ind2="1">
            <subfield code="b">s</subfield>
            <subfield code="a">audio</subfield>
            <subfield code="3">spezifisch</subfield>
            <subfield code="8">3</subfield>
          </datafield>
          <datafield tag="061" ind1="-" ind2="1">
            <subfield code="b">c</subfield>
            <subfield code="a">Computermedien</subfield>
          </datafield>
          <datafield tag="061" ind1="-" ind2="1">
            <subfield code="b">n</subfield>
            <subfield code="a">ohne Hilfsmittel zu benutzen</subfield>
            <subfield code="8">1</subfield>
          </datafield>
          <datafield tag="061" ind1="-" ind2="1">
            <subfield code="b">s</subfield>
            <subfield code="a">audio</subfield>
            <subfield code="8">2</subfield>
          </datafield>
          <datafield tag="062" ind1="-" ind2="1">
            <subfield code="b">he</subfield>
            <subfield code="a">Mikrofiche</subfield>
          </datafield>
          <datafield tag="062" ind1="-" ind2="1">
            <subfield code="b">sg</subfield>
            <subfield code="a">Audiocartridge</subfield>
            <subfield code="3">spezifisch</subfield>
            <subfield code="8">3</subfield>
          </datafield>
          <datafield tag="062" ind1="-" ind2="1">
            <subfield code="b">cr</subfield>
            <subfield code="a">Online-Ressource</subfield>
          </datafield>
          <datafield tag="062" ind1="-" ind2="1">
            <subfield code="b">nc</subfield>
            <subfield code="8">1</subfield>
          </datafield>
          <datafield tag="062" ind1="-" ind2="1">
            <subfield code="b">sd</subfield>
            <subfield code="a">Audiodisk</subfield>
            <subfield code="8">2</subfield>
          </datafield>
          <datafield tag="064" ind1="-" ind2="1">
            <subfield code="a">Karte Köln</subfield>
            <subfield code="x">allgemeine Unterteilung</subfield>
            <subfield code="y">2000 - 2015</subfield>
            <subfield code="z">Stadtwald</subfield>
            <subfield code="x">zweite allgemeine Unterteilung</subfield>
            <subfield code="9">(DE-588)4147777-7</subfield>
          </datafield>
          <datafield tag="064" ind1="a" ind2="1">
            <subfield code="a">Ausstellungskatalog</subfield>
            <subfield code="9">(DE-588)4135467-9</subfield>
          </datafield>
          <datafield tag="064" ind1="a" ind2="1">
            <subfield code="a">Konferenzschrift</subfield>
            <subfield code="9">(DE-588)1071861417</subfield>
            <subfield code="y">2015</subfield>
            <subfield code="z">Köln</subfield>
          </datafield>
          <datafield tag="064" ind1="b" ind2="1">
            <subfield code="a">CD-ROM</subfield>
            <subfield code="9">(DE-588)4139307-7</subfield>
          </datafield>
          <datafield tag="064" ind1="c" ind2="1">
            <subfield code="a">Chorbuch</subfield>
            <subfield code="9">(DE-588)4147892-7</subfield>
          </datafield>
          <datafield tag="070" ind1="-" ind2="1">
            <subfield code="a">HBZ/Setup</subfield>
          </datafield>
          <datafield tag="070" ind1="b" ind2="1">
            <subfield code="a">385</subfield>
          </datafield>
          <datafield tag="078" ind1="r" ind2="1">
            <subfield code="a">RDA-Test CSS</subfield>
          </datafield>
          <datafield tag="080" ind1="-" ind2="1">
            <subfield code="a">60</subfield>
          </datafield>
          <datafield tag="100" ind1="-" ind2="1">
            <subfield code="p">Scholz, Stephani</subfield>
            <subfield code="9">(DE-588)1023277344</subfield>
          </datafield>
          <datafield tag="200" ind1="b" ind2="1">
            <subfield code="a">hbz</subfield>
            <subfield code="4">rcp</subfield>
            <subfield code="3">Adressat</subfield>
          </datafield>
          <datafield tag="303" ind1="-" ind2="1">
            <subfield code="p">Scholz, Stephani</subfield>
            <subfield code="t">Werktitel</subfield>
            <subfield code="h">Zusatz</subfield>
            <subfield code="o">Musikarrangemang</subfield>
            <subfield code="s">neueste Version</subfield>
            <subfield code="h">Zusatz</subfield>
          </datafield>
          <datafield tag="303" ind1="t" ind2="1">
            <subfield code="t">Werktitel ALLE neuen RDA-Felder</subfield>
            <subfield code="m">volle Besetzung</subfield>
            <subfield code="r">Tonart laut</subfield>
          </datafield>
          <datafield tag="331" ind1="-" ind2="1">
            <subfield code="a">Die RDA-Implementierung in der hbz-Verbunddatenbank - ALLE neuen RDA-Felder</subfield>
          </datafield>
          <datafield tag="335" ind1="-" ind2="1">
            <subfield code="a">kommt auch alles an und sieht es so aus wie gewünscht?</subfield>
          </datafield>
          <datafield tag="362" ind1="-" ind2="1">
            <subfield code="a">Test</subfield>
            <subfield code="v">hbz</subfield>
            <subfield code="Z">1</subfield>
          </datafield>
          <datafield tag="375" ind1="-" ind2="1">
            <subfield code="a">Erster/frühere Titel von fortlaufenden Ressourcen</subfield>
          </datafield>
          <datafield tag="375" ind1="e" ind2="1">
            <subfield code="a">Weiterer früherer Titel</subfield>
            <subfield code="b">weitere Titelinformationen</subfield>
            <subfield code="f">23.04.2015</subfield>
            <subfield code="h">Medium</subfield>
            <subfield code="x">1234-5678</subfield>
          </datafield>
          <datafield tag="380" ind1="-" ind2="1">
            <subfield code="a">Form- und Gattungsbegriffe eines Werkes</subfield>
            <subfield code="2">nicht gnd</subfield>
            <subfield code="8">Reihenfolge</subfield>
          </datafield>
          <datafield tag="380" ind1="-" ind2="1">
            <subfield code="a">Konzert</subfield>
            <subfield code="9">(DE-588)4032359-6</subfield>
          </datafield>
          <datafield tag="381" ind1="-" ind2="1">
            <subfield code="a">Stimme</subfield>
            <subfield code="u">uri:uri.de</subfield>
            <subfield code="v">Bemerkung</subfield>
            <subfield code="9">(DE-588)4057587-1</subfield>
          </datafield>
          <datafield tag="382" ind1="-" ind2="1">
            <subfield code="a">Horn, Musikinstrument</subfield>
            <subfield code="b">Solist, Paul</subfield>
            <subfield code="2">Quelle</subfield>
            <subfield code="9">(DE-588)4160662-0</subfield>
          </datafield>
          <datafield tag="383" ind1="-" ind2="1">
            <subfield code="a">Numerische Kennzeichnung eines Musikwerkes</subfield>
            <subfield code="b">Opus 2</subfield>
            <subfield code="e">Schott</subfield>
          </datafield>
          <datafield tag="384" ind1="-" ind2="1">
            <subfield code="a">Tonart</subfield>
            <subfield code="8">7</subfield>
          </datafield>
          <datafield tag="419" ind1="-" ind2="1">
            <subfield code="a">Köln</subfield>
            <subfield code="A">2</subfield>
          </datafield>
          <datafield tag="419" ind1="a" ind2="1">
            <subfield code="a">Dortmund</subfield>
            <subfield code="b">Borussia</subfield>
            <subfield code="c">2013</subfield>
          </datafield>
          <datafield tag="419" ind1="a" ind2="1">
            <subfield code="a">Putenbach</subfield>
          </datafield>
          <datafield tag="419" ind1="b" ind2="1">
            <subfield code="a">Wiesbaden</subfield>
            <subfield code="c">2015</subfield>
          </datafield>
          <datafield tag="419" ind1="c" ind2="1">
            <subfield code="a">Köln</subfield>
            <subfield code="b">Wittgenstein</subfield>
            <subfield code="c">2014</subfield>
            <subfield code="3">Tutorium</subfield>
          </datafield>
          <datafield tag="419" ind1="d" ind2="1">
            <subfield code="c">©2008</subfield>
          </datafield>
          <datafield tag="425" ind1="a" ind2="1">
            <subfield code="a">2014</subfield>
          </datafield>
          <datafield tag="439" ind1="-" ind2="1">
            <subfield code="o">gemischte Polarität</subfield>
            <subfield code="a">Elfenbein</subfield>
            <subfield code="m">16o</subfield>
            <subfield code="a">Hartfaserplatte</subfield>
            <subfield code="j">Arbeitskopie</subfield>
            <subfield code="o">negativ</subfield>
          </datafield>
          <datafield tag="440" ind1="-" ind2="1">
            <subfield code="c">cm/s</subfield>
            <subfield code="a">digital</subfield>
            <subfield code="c">ips</subfield>
            <subfield code="e">Seitenspur</subfield>
            <subfield code="2">Herkunft</subfield>
          </datafield>
          <datafield tag="441" ind1="-" ind2="1">
            <subfield code="a">Circarama</subfield>
            <subfield code="b">fps</subfield>
          </datafield>
          <datafield tag="442" ind1="-" ind2="1">
            <subfield code="a">8 mm</subfield>
            <subfield code="2">Herkunft</subfield>
          </datafield>
          <datafield tag="443" ind1="-" ind2="1">
            <subfield code="a">Programmdatei</subfield>
            <subfield code="c">3 TB</subfield>
            <subfield code="d">Megapixel</subfield>
            <subfield code="f">5 kbps</subfield>
            <subfield code="a">Textdatei</subfield>
          </datafield>
          <datafield tag="444" ind1="-" ind2="1">
            <subfield code="a">Verantwortliche Person</subfield>
            <subfield code="e">Adresse</subfield>
            <subfield code="j">Datum</subfield>
            <subfield code="e">zweite Adresse</subfield>
            <subfield code="8">2</subfield>
          </datafield>
          <datafield tag="444" ind1="a" ind2="1">
            <subfield code="b">1800</subfield>
            <subfield code="a">Person, öffentlich</subfield>
          </datafield>
          <datafield tag="444" ind1="b" ind2="1">
            <subfield code="a">Person, nicht öffentlich</subfield>
            <subfield code="k">Verlag</subfield>
            <subfield code="k">zweiter Verlag</subfield>
          </datafield>
          <datafield tag="451" ind1="-" ind2="1">
            <subfield code="a">Haupttitel der 1. Reihe</subfield>
            <subfield code="v">12.1</subfield>
          </datafield>
          <datafield tag="455" ind1="-" ind2="1">
            <subfield code="a">12.1</subfield>
          </datafield>
          <datafield tag="506" ind1="a" ind2="1">
            <subfield code="a">Music, Michael Fishbein ; camera, George Mo</subfield>
          </datafield>
          <datafield tag="506" ind1="b" ind2="1">
            <subfield code="a">Voices: Peter Ustinov, Cloris Leachman, Sally Kellerman, Andy Devine</subfield>
          </datafield>
          <datafield tag="514" ind1="a" ind2="1">
            <subfield code="a">3.1</subfield>
          </datafield>
          <datafield tag="514" ind1="-" ind2="1">
            <subfield code="a">Anmerkung zur Zielgruppe</subfield>
            <subfield code="b">Quelle</subfield>
            <subfield code="a">Zielgruppe Ü30</subfield>
          </datafield>
          <datafield tag="514" ind1="e" ind2="1">
            <subfield code="a">hoch motiviert</subfield>
            <subfield code="a">high interest</subfield>
            <subfield code="b">LENOCA</subfield>
          </datafield>
          <datafield tag="520" ind1="-" ind2="1">
            <subfield code="c">Putenbach</subfield>
          </datafield>
          <datafield tag="520" ind1="-" ind2="1">
            <subfield code="b">Dissertation</subfield>
            <subfield code="c">Universität Rostock</subfield>
            <subfield code="d">2014</subfield>
            <subfield code="o">Diss.HRO No. 20534</subfield>
          </datafield>
          <datafield tag="520" ind1="-" ind2="1">
            <subfield code="b">Lizenziatsarbeit</subfield>
            <subfield code="c">Universität Basel</subfield>
            <subfield code="d">2015</subfield>
            <subfield code="o">Diss. Basel 007</subfield>
          </datafield>
          <datafield tag="521" ind1="-" ind2="1">
            <subfield code="t">Titel</subfield>
            <subfield code="r">Scholz, Stephani</subfield>
          </datafield>
          <datafield tag="521" ind1="-" ind2="1">
            <subfield code="p">Enthält:</subfield>
            <subfield code="t">Titel</subfield>
          </datafield>
          <datafield tag="527" ind1="-" ind2="1">
            <subfield code="a">Titel</subfield>
          </datafield>
          <datafield tag="539" ind1="-" ind2="1">
            <subfield code="a">Anmerkung zu Quellenangaben</subfield>
            <subfield code="u">Pflichtunterfeld u</subfield>
          </datafield>
          <datafield tag="539" ind1="c" ind2="1">
            <subfield code="a">Referenz unbekannt</subfield>
            <subfield code="u">Uniform Identifier</subfield>
            <subfield code="u">Uniform Identifier 2</subfield>
          </datafield>
          <datafield tag="649" ind1="a" ind2="1">
            <subfield code="i">Vermerk und link für andere Ausgaben in einer anderen physischen Form</subfield>
            <subfield code="d">Köln Ind. a</subfield>
            <subfield code="e">Verleger Ind. a</subfield>
            <subfield code="f">2012</subfield>
            <subfield code="k">Reihe Ind. a ; 1</subfield>
            <subfield code="n">Bemerkung Ind. a 1</subfield>
            <subfield code="o">weiterer Identifikator</subfield>
            <subfield code="t">Titel Ind. a</subfield>
            <subfield code="x">1234-5678</subfield>
            <subfield code="z">3-518-45678-0</subfield>
            <subfield code="k">Reihe Ind. a ; 2</subfield>
            <subfield code="z">3-518-45678-1</subfield>
            <subfield code="n">Bemerkung Ind. a 2</subfield>
            <subfield code="9">HT00000000A</subfield>
          </datafield>
          <datafield tag="649" ind1="a" ind2="1">
            <subfield code="i">Vermerk und link für andere Ausgaben in einer anderen physischen Form</subfield>
            <subfield code="d">Köln Ind. b</subfield>
            <subfield code="e">Verleger Ind. b</subfield>
            <subfield code="f">2013</subfield>
            <subfield code="k">Reihe Ind. b ; 1</subfield>
            <subfield code="n">Bemerkung Ind. b 1</subfield>
            <subfield code="o">weiterer Identifikator</subfield>
            <subfield code="t">Titel Ind. b</subfield>
            <subfield code="x">1234-5679</subfield>
            <subfield code="z">3-518-45678-2</subfield>
            <subfield code="k">Reihe Ind. b ; 2</subfield>
            <subfield code="z">3-518-45678-3</subfield>
            <subfield code="n">Bemerkung Ind. b 2</subfield>
            <subfield code="9">HT00000000B</subfield>
          </datafield>
          <datafield tag="649" ind1="c" ind2="1">
            <subfield code="i">Elektronische Reproduktion von</subfield>
            <subfield code="a">Fichard, Johann Carl von</subfield>
            <subfield code="t">&lt;&lt;Die&gt;&gt; Entstehung der Reichsstadt Frankfurt am Main, und der Verhältnisse ihrer Bewohner</subfield>
            <subfield code="d">Frankfurt</subfield>
            <subfield code="e">Andreä</subfield>
            <subfield code="f">1819</subfield>
            <subfield code="h">365 Seiten</subfield>
            <subfield code="n">Digitalisat von: Bayerische Staatsbibliothek: Germ.sp. 142 a</subfield>
            <subfield code="9">HT00000000C</subfield>
          </datafield>
          <datafield tag="673" ind1="c" ind2="1">
            <subfield code="a">Putenbach</subfield>
          </datafield>
          <datafield tag="676" ind1="-" ind2="1">
            <subfield code="g">Köln</subfield>
            <subfield code="h">Zusatz</subfield>
            <subfield code="4">pup</subfield>
            <subfield code="3">Verlagsort</subfield>
            <subfield code="z">Ehrenfeld</subfield>
            <subfield code="h">zweiter Zusatz</subfield>
            <subfield code="4">mfp</subfield>
            <subfield code="3">Herstellungsort</subfield>
            <subfield code="9">(DE-588)1234567-8</subfield>
          </datafield>
          <datafield tag="677" ind1="-" ind2="1">
            <subfield code="k">Hochschulbibliothekszentrum des Landes Nordrhein-Westfalen</subfield>
            <subfield code="9">(DE-588)2047974-8</subfield>
            <subfield code="4">pbl</subfield>
            <subfield code="3">Verleger</subfield>
          </datafield>
          <datafield tag="677" ind1="-" ind2="1">
            <subfield code="p">Verleger, Drucker,... in normierter Form (Alte Drucke)</subfield>
            <subfield code="c">Beiname</subfield>
            <subfield code="c">Beiname wiederholt</subfield>
            <subfield code="4">prt</subfield>
            <subfield code="3">Drucker</subfield>
          </datafield>
          <datafield tag="678" ind1="-" ind2="1">
            <subfield code="a">Zielgruppe</subfield>
          </datafield>
          <datafield tag="902" ind1="-" ind2="1">
            <subfield code="s">Strafrecht</subfield>
            <subfield code="9">(DE-588)4057795-8</subfield>
          </datafield>
          <controlfield tag="SYS">001813859</controlfield>
          <datafield tag="PVN" ind1="-" ind2="1">
            <subfield code="k">Hochschulbibliothekszentrum</subfield>
            <subfield code="9">(DE-588)2047974-8</subfield>
          </datafield>
          <datafield tag="PVN" ind1="-" ind2="1">
            <subfield code="k">Hochschulbibliothekszentrum NRW</subfield>
            <subfield code="9">(DE-588)2047974-8</subfield>
          </datafield>
          <datafield tag="PVN" ind1="-" ind2="1">
            <subfield code="k">hbz</subfield>
            <subfield code="9">(DE-588)2047974-8</subfield>
          </datafield>
          <datafield tag="PVN" ind1="-" ind2="1">
            <subfield code="k">hbz Köln</subfield>
            <subfield code="9">(DE-588)2047974-8</subfield>
          </datafield>
          <datafield tag="PVN" ind1="-" ind2="1">
            <subfield code="k">Hochschulbibliothekszentrum des Landes NRW</subfield>
            <subfield code="9">(DE-588)2047974-8</subfield>
          </datafield>
          <datafield tag="PVN" ind1="-" ind2="1">
            <subfield code="k">Hochschulbibliothekszentrum</subfield>
            <subfield code="9">(DE-588)2047974-8</subfield>
          </datafield>
          <datafield tag="PVN" ind1="-" ind2="1">
            <subfield code="k">Hochschulbibliothekszentrum NRW</subfield>
            <subfield code="9">(DE-588)2047974-8</subfield>
          </datafield>
          <datafield tag="PVN" ind1="-" ind2="1">
            <subfield code="k">hbz</subfield>
            <subfield code="9">(DE-588)2047974-8</subfield>
          </datafield>
          <datafield tag="PVN" ind1="-" ind2="1">
            <subfield code="k">hbz Köln</subfield>
            <subfield code="9">(DE-588)2047974-8</subfield>
          </datafield>
          <datafield tag="PVN" ind1="-" ind2="1">
            <subfield code="k">Hochschulbibliothekszentrum des Landes NRW</subfield>
            <subfield code="9">(DE-588)2047974-8</subfield>
          </datafield>
          <datafield tag="PSW" ind1="-" ind2="1">
            <subfield code="s">Kriminalrecht</subfield>
            <subfield code="9">(DE-588)4057795-8</subfield>
          </datafield>
          <datafield tag="PSW" ind1="-" ind2="1">
            <subfield code="s">Peinliches Recht</subfield>
            <subfield code="9">(DE-588)4057795-8</subfield>
          </datafield>
          <datafield tag="PSW" ind1="-" ind2="1">
            <subfield code="s">Kriminalrecht</subfield>
            <subfield code="9">(DE-588)4057795-8</subfield>
          </datafield>
          <datafield tag="PSW" ind1="-" ind2="1">
            <subfield code="s">Peinliches Recht</subfield>
            <subfield code="9">(DE-588)4057795-8</subfield>
          </datafield>
          <datafield tag="PSW" ind1="-" ind2="1">
            <subfield code="s">Kriminalrecht</subfield>
            <subfield code="9">(DE-588)4057795-8</subfield>
          </datafield>
          <datafield tag="PSW" ind1="-" ind2="1">
            <subfield code="s">Peinliches Recht</subfield>
            <subfield code="9">(DE-588)4057795-8</subfield>
          </datafield>
        </record>
      </metadata>
    </record>
  </ListRecords>
</OAI-PMH>
